

@article{cafarella2011structured,
	title={{Structured data on the web}},
	author={Cafarella, Michael J and Halevy, Alon and Madhavan, Jayant},
	journal={Communications of the ACM},
	volume={54},
	number={2},
	pages={72--79},
	year={2011},
	publisher={ACM}
}

@article{wilkinson2016fair,
  title={The FAIR Guiding Principles for scientific data management and stewardship},
  author={Wilkinson, Mark D and Dumontier, Michel and Aalbersberg, IJsbrand Jan and Appleton, Gabrielle and Axton, Myles and Baak, Arie and Blomberg, Niklas and Boiten, Jan-Willem and da Silva Santos, Luiz Bonino and Bourne, Philip E and others},
  journal={Scientific data},
  volume={3},
  year={2016},
  publisher={Nature Publishing Group}
}

@inproceedings{iglesias2020mapeathor,
  title={Mapeathor: Simplifying the Specification of Declarative Rules for Knowledge Graph Construction},
  author={Iglesias-Molina, Ana and Pozo-Gilo, Luis and Dona, Daniel and Ruckhaus, Edna and Chaves-Fraga, David and Corcho, {\'O}scar},
  booktitle={ISWC (Demos/Industry)},
  year={2020}
}



@article{galhardas2001declarative,
  title={Declarative data cleaning: Language, model, and algorithms},
  author={Galhardas, Helena and Florescu, Daniela and Shasha, Dennis and Simon, Eric and Saita, Cristian},
  year={2001}
}

@inproceedings{raman2001potter,
  title={Potter's wheel: An interactive data cleaning system},
  author={Raman, Vijayshankar and Hellerstein, Joseph M},
  booktitle={VLDB},
  volume={1},
  year={2001}
}

@article{rahm2000data,
  title={Data cleaning: Problems and current approaches},
  author={Rahm, Erhard and Do, Hong Hai},
  journal={IEEE Data Eng. Bull.},
  volume={23},
  number={4},
  year={2000}
}

@incollection{Halevy18,
  author    = {Alon Y. Halevy},
  title     = {Information Integration},
  booktitle = {Encyclopedia of Database Systems, Second Edition},
  year      = {2018}
}


@article{halevy2001answering,
  title={Answering queries using views: A survey},
  author={Halevy, Alon Y},
  journal={The VLDB Journal},
  volume={10},
  number={4},
  pages={270--294},
  year={2001},
  publisher={Springer}
}

@article{VidalEJSR19,
  author    = {Maria{-}Esther Vidal and
               Kemele M. Endris and
               Samaneh Jazashoori and
               Ahmad Sakor and
               Ariam Rivas},
  title     = {Transforming Heterogeneous Data into Knowledge for Personalized Treatments
               - {A} Use Case},
  journal   = {Datenbank-Spektrum},
  volume    = {19},
  number    = {2},
  pages     = {95--106},
  year      = {2019}
}
@inproceedings{knoblock2012semi,
	title={{Semi-automatically mapping structured sources into the semantic web}},
	author={Knoblock, Craig A and Szekely, Pedro and Ambite, Jos{\'e} Luis and Goel, Aman and Gupta, Shubham and Lerman, Kristina and Muslea, Maria and Taheriyan, Mohsen and Mallick, Parag},
	booktitle={ESWC},
	pages={375--390},
	year={2012},
	organization={Springer}
}

@article{lantivig,
  title={{VIG}: Data scaling for {OBDA} benchmarks},
  author={Lanti, Davide and Xiao, Guohui and Calvanese, Diego},
  journal={Semantic Web},
  number={Preprint},
  pages={1--21},
  publisher={IOS Press},
  year={2017}
}

@InProceedings{Heyvaert2018Declarative,
  author    = {Heyvaert, Pieter and De Meester, Ben and Dimou, Anastasia and Verborgh, Ruben},
  title     = {{Declarative Rules for Linked Data Generation at your Fingertips!}},
  booktitle = {Proceedings of the 15\textsuperscript{th} ESWC: Posters and Demos},
  year      = {2018}
}

@incollection{bizer2011linked,
  title={{Linked data: The story so far}},
  author={Bizer, Christian and Heath, Tom and Berners-Lee, Tim},
  booktitle={Semantic services, interoperability and web applications: emerging concepts},
  pages={205--227},
  year={2011},
  publisher={IGI Global}
}

@book{edp2017,
    title={{Open Data Maturity in Europe}},
    author = {Carrara, Wendy and Radu, Cosmina and Vollers, Heleen},
    year = {2017},
    url = {https://www.europeandataportal.eu/sites/default/files/edp_landscaping_insight_report_n3_2017.pdf}
}
 



@article{codd1979extending,
  title={Extending the database relational model to capture more meaning},
  author={Codd, Edgar F},
  journal={ACM Transactions on Database Systems (TODS)},
  volume={4},
  number={4},
  pages={397--434},
  year={1979},
  publisher={ACM}
}

@misc{maali2018data,
  title={Data catalog vocabulary (dcat). W3C Recommendation, 2014},
  author={Maali, Fadi and Erickson, John and Archer, P},
  year={2018}
}

@article{rodriguez2015efficient,
	title={{Efficient SPARQL-to-SQL with R2RML mappings}},
	author={Rodriguez-Muro, Mariano and Rezk, Martin},
	journal={Web Semantics},
	volume={33},
	pages={141--169},
	year={2015},
	publisher={Elsevier}
}

@TechReport{R2RML_implementation_report,
	author = {Das, Souripriya and Sundara, Seema and Cyganiak, Richard},
	title = {{RDB2RDF} {I}mplementation {R}eport},
	institution = {W3C},
	year = 2012,
	_month = aug,
	day = 14,
	type = {{W3C} {N}ote},
	note =  {{\scriptsize \url{https://www.w3.org/TR/rdb2rdf-implementations/}}}
}


@article{sequeda2013ultrawrap,
	title={{Ultrawrap: SPARQL execution on relational data}},
	author={Sequeda, Juan F and Miranker, Daniel P},
	journal={Web Semantics},
	volume={22},
	pages={19--39},
	year={2013},
	publisher={Elsevier}
}

@article{calvanese2017ontop,
	title={{Ontop: Answering SPARQL queries over relational databases}},
	author={Calvanese, Diego and Cogrel, Benjamin and Komla-Ebri, Sarah and Kontchakov, Roman and Lanti, Davide and Rezk, Martin and Rodriguez-Muro, Mariano and Xiao, Guohui},
	journal={Semantic Web},
	volume={8},
	number={3},
	pages={471--487},
	year={2017},
	publisher={IOS Press}
}

@inproceedings{dimou2014rml,
	title={{RML: A Generic Language for Integrated RDF Mappings of Heterogeneous Data}},
	author={Dimou, Anastasia and Vander Sande, Miel and Colpaert, Pieter and Verborgh, Ruben and Mannens, Erik and Van de Walle, Rik},
	booktitle={LDOW},
	year={2014}
}


@article{lange2009krextor,
	title={{Krextor--an extensible XML RDF extraction framework}},
	author={Lange, Christoph},
	journal={Scripting and Development for the Semantic Web (SFSW)},
	volume={449},
	pages={38},
	year={2009}
}

@inproceedings{cali2002data,
  title={Data integration under integrity constraints},
  author={Cal{\`\i}, Andrea and Calvanese, Diego and De Giacomo, Giuseppe and Lenzerini, Maurizio},
  booktitle={International Conference on Advanced Information Systems Engineering},
  pages={262--279},
  year={2002},
  organization={Springer}
}

@inproceedings{de2016ontology,
	title={{An ontology to semantically declare and describe functions}},
	author={De Meester, Ben and Dimou, Anastasia and Verborgh, Ruben and Mannens, Erik},
	booktitle={ISWC},
	pages={46--49},
	year={2016},
	organization={Springer}
}

@inproceedings{de2017declarative,
	title={{Declarative data transformations for Linked Data generation: the case of DBpedia}},
	author={De Meester, Ben and Maroy, Wouter and Dimou, Anastasia and Verborgh, Ruben and Mannens, Erik},
	booktitle={ESWC},
	pages={33--48},
	year={2017},
	organization={Springer}
}

@inproceedings{slepicka2015kr2rml,
	title={{KR2RML: An Alternative Interpretation of R2RML for Heterogenous Sources}},
	author={Slepicka, Jason and Yin, Chengye and Szekely, Pedro A and Knoblock, Craig A},
	booktitle={COLD},
	year={2015}
}

@inproceedings{scrocca2020turning,
  title={Turning Transport Data to Comply with EU Standards While Enabling a Multimodal Transport Knowledge Graph},
  author={Scrocca, Mario and Comerio, Marco and Carenini, Alessio and Celino, Irene},
  booktitle={International Semantic Web Conference},
  pages={411--429},
  year={2020},
  organization={Springer}
}

@inproceedings{haesendonck2019parallel,
  title={Parallel RDF generation from heterogeneous big data},
  author={Haesendonck, Gerald and Maroy, Wouter and Heyvaert, Pieter and Verborgh, Ruben and Dimou, Anastasia},
  booktitle={Proceedings of the International Workshop on Semantic Big Data},
  pages={1--6},
  year={2019}
}

@article{tennison2015model,
  title={{Model for tabular data and metadata on the web. W3C recommendation}},
  author={Tennison, J and Kellogg, G and Herman, I},
  journal={World Wide Web Consortium (W3C)},
  year={2015}
}

@inproceedings{hovland2016obda,
  title={OBDA constraints for effective query answering},
  author={Hovland, Dag and Lanti, Davide and Rezk, Martin and Xiao, Guohui},
  booktitle={International Symposium on Rules and Rule Markup Languages for the Semantic Web},
  pages={269--286},
  year={2016},
  organization={Springer}
}


@article{cyganiak2012rdf,
  title={The RDF data cube vocabulary, W3C recommendation 16 January 2014},
  author={Cyganiak, Richard and Reynolds, Dave and Tennison, J},
  journal={World Wide Web Consortium},
  year={2012}
}


@inproceedings{corcho2017publishing,
  title={Publishing Linked Statistical Data: Arag{\'o}n, a case study.},
  author={Corcho, Oscar and Santana-P{\'e}rez, Idafen and Lafuente, Hugo and Portol{\'e}s, David and Cano, C{\'e}sar and Peris, Alfredo and Subero, Jos{\'e} Mar{\'\i}a},
  booktitle={HybridSemStats@ ISWC},
  year={2017}
}

@article{brickley1999resource,
  title={Resource description framework (RDF) schema specification},
  author={Brickley, Dan and Guha, Ramanathan V and Layman, Andrew},
  year={1999},
  publisher={Technical report, W3C, 1999. W3C Proposed Recommendation}
}

@incollection{antoniou2004web,
  title={Web ontology language: Owl},
  author={Antoniou, Grigoris and Van Harmelen, Frank},
  booktitle={Handbook on ontologies},
  pages={67--92},
  year={2004},
  publisher={Springer}
}

@article{brickley2014rdf,
  title={RDF Schema 1.1},
  author={Brickley, Dan and Guha, Ramanathan V and McBride, Brian},
  journal={W3C recommendation},
  volume={25},
  pages={2004--2014},
  year={2014},
  publisher={W3C}
}

@article{abs-2003-02320,
  author    = {Aidan Hogan and
               Eva Blomqvist and
               Michael Cochez and
               Claudia d'Amato and
               Gerard de Melo and
               Claudio Gutierrez and
               Jos{\'{e}} Emilio Labra Gayo and
               Sabrina Kirrane and
               Sebastian Neumaier and
               Axel Polleres and
               Roberto Navigli and
               Axel{-}Cyrille Ngonga Ngomo and
               Sabbir M. Rashid and
               Anisa Rula and
               Lukas Schmelzeisen and
               Juan F. Sequeda and
               Steffen Staab and
               Antoine Zimmermann},
  title     = {Knowledge Graphs},
  journal   = {CoRR},
  volume    = {abs/2003.02320},
  year      = {2020}
}


@inproceedings{Lenzerini02,
  author    = {Maurizio Lenzerini},
  title     = {{D}ata {I}ntegration: {A} Theoretical Perspective},
  booktitle = {Proceedings of the Twenty-first {ACM} {SIGACT-SIGMOD-SIGART} Symposium
               on Principles of Database Systems, June 3-5, Madison, Wisconsin, {USA}},
  pages     = {233--246},
  year      = {2002}
}

@incollection{poggi2008linking,
  title={Linking data to ontologies},
  author={Poggi, Antonella and Lembo, Domenico and Calvanese, Diego and De Giacomo, Giuseppe and Lenzerini, Maurizio and Rosati, Riccardo},
  booktitle={Journal on data semantics X},
  pages={133--173},
  year={2008},
  publisher={Springer}
}


@inproceedings{junior2016funul,
	title={{FunUL: a method to incorporate functions into uplift mapping languages}},
	author={Junior, Ademar Crotti and Debruyne, Christophe and Brennan, Rob and O'Sullivan, Declan},
	booktitle={Proceedings of the 18th International Conference on Information Integration and Web-based Applications and Services},
	pages={267--275},
	year={2016},
	organization={ACM}
}

@inproceedings{junior2016incorporating,
	title={{Incorporating functions in mappings to facilitate the uplift of CSV files into RDF}},
	author={Junior, Ademar Crotti and Debruyne, Christophe and O’Sullivan, Declan},
	booktitle={ISWC},
	pages={55--59},
	year={2016},
	organization={Springer}
}

@inproceedings{michel2015translation,
	title={{Translation of relational and non-relational databases into RDF with xR2RML}},
	author={Michel, Franck and Djimenou, Lo{\"\i}c and Faron-Zucker, Catherine and Montagnat, Johan},
	booktitle={11th International Conference on Web Information Systems and Technologies (WEBIST'15)},
	pages={443--454},
	year={2015}
}

@inproceedings{debruyne2016r2rml,
	title={{R2RML-F: Towards Sharing and Executing Domain Logic in R2RML Mappings}},
	author={Debruyne, Christophe and O'Sullivan, Declan},
	booktitle={LDOW@ WWW},
	year={2016}
}

@inproceedings{langegger2009xlwrap,
	title={{XLWrap--querying and integrating arbitrary spreadsheets with SPARQL}},
	author={Langegger, Andreas and W{\"o}{\ss}, Wolfram},
	booktitle={ISWC},
	pages={359--374},
	year={2009},
	organization={Springer}
}

@inproceedings{stadler2015simplified,
	title={{Simplified RDB2RDF Mapping}},
	author={Stadler, Claus and Unbehauen, J{\"o}rg and Westphal, Patrick and Sherif, Mohamed Ahmed and Lehmann, Jens},
	booktitle={LDOW@ WWW},
	year={2015}
}

@article{bischof2012mapping,
	title={{Mapping between RDF and XML with XSPARQL}},
	author={Bischof, Stefan and Decker, Stefan and Krennwallner, Thomas and Lopes, Nuno and Polleres, Axel},
	journal={Journal on Data Semantics},
	volume={1},
	number={3},
	pages={147--185},
	year={2012},
	publisher={Springer}
}

@article{chebotko2009semantics,
title={{Semantics preserving SPARQL-to-SQL translation}},
author={Chebotko, Artem and Lu, Shiyong and Fotouhi, Farshad},
journal={Data \& Knowledge Engineering},
volume={68},
number={10},
pages={973--1000},
year={2009},
publisher={Elsevier}
}

@inproceedings{alagiannis2012nodb,
  title={{NoDB}: efficient query execution on raw data files},
  author={Alagiannis, Ioannis and Borovica, Renata and Branco, Miguel and Idreos, Stratos and Ailamaki, Anastasia},
  booktitle={Proc. ACM SIGMOD},
  pages={241--252},
  year={2012},
  organization={ACM}
}

@inproceedings{idreos2011here,
  title={Here are my data files. here are my queries. where are my results?},
  author={Idreos, Stratos and Alagiannis, Ioannis and Johnson, Ryan and Ailamaki, Anastasia},
  booktitle={Proceedings of 5th Biennial Conference on Innovative Data Systems Research},
  year={2011}
}

@article{botoeva2019ontology,
  title={Ontology-based data access--Beyond relational sources},
  author={Botoeva, Elena and Calvanese, Diego and Cogrel, Benjamin and Corman, Julien and Xiao, Guohui},
  journal={Intelligenza Artificiale},
  volume={13},
  number={1},
  pages={21--36},
  year={2019},
  publisher={IOS Press}
}

@inproceedings{AuerKPKSV18,
  author    = {S{\"{o}}ren Auer and
               Viktor Kovtun and
               Manuel Prinz and
               Anna Kasprzik and
               Markus Stocker and
               Maria{-}Esther Vidal},
  title     = {Towards a Knowledge Graph for Science},
  booktitle = {Proceedings of {WIMS}},
  year      = {2018}
}

@article{NoyGJNPT19,
  author    = {Natalya Fridman Noy and
               Yuqing Gao and
               Anshu Jain and
               Anant Narayanan and
               Alan Patterson and
               Jamie Taylor},
  title     = {Industry-scale knowledge graphs: lessons and challenges},
  journal   = {Commun. {ACM}},
  volume    = {62},
  number    = {8},
  year      = {2019}
}

@article{corcho2019towards,
  author    = {Corcho, Oscar and Priyatna, Freddy and Chaves-Fraga, David},
  title     = {{Towards a New Generation of Ontology Based Data Access}},
  journal = {Semantic Web Journal},
  year      = {2019}
}


@inproceedings{roth1997don,
  title={Don't Scrap It, Wrap It! A Wrapper Architecture for Legacy Data Sources.},
  author={Roth, Mary Tork and Schwarz, Peter M},
  booktitle={VLDB},
  volume={97},
  pages={25--29},
  year={1997}
}

@inproceedings{gruser1998wrapper,
  title={Wrapper generation for web accessible data sources},
  author={Gruser, Jean-Robert and Raschid, Louiqa and Vidal, Maria-Esther and Bright, Laura},
  booktitle={Proceedings. 3rd IFCIS International Conference on Cooperative Information Systems (Cat. No. 98EX122)},
  pages={14--23},
  year={1998},
  organization={IEEE}
}

@article{arens1993retrieving,
  title={Retrieving and integrating data from multiple information sources},
  author={Arens, Yigal and Chee, Chin Y and Hsu, Chun-Nan and Knoblock, Craig A},
  journal={International Journal of Intelligent and Cooperative Information Systems},
  volume={2},
  number={02},
  pages={127--158},
  year={1993},
  publisher={World Scientific}
}

@article{bergamaschi1999semantic,
  title={Semantic integration of semistructured and structured data sources},
  author={Bergamaschi, Sonia and Castano, Silvana and Vincini, Maurizio},
  journal={ACM Sigmod Record},
  volume={28},
  number={1},
  pages={54--59},
  year={1999},
  publisher={ACM}
}

@inproceedings{rajaraman1996querying,
  title={Querying heterogeneous information sources using source descriptions},
  author={Rajaraman, AY Levy A and Ordille, J and others},
  booktitle={Proc. of VLDB},
  year={1996}
}

@inproceedings{mena1998domain,
  title={Domain specific ontologies for semantic information brokering on the global information infrastructure},
  author={Mena, Eduardo and Kashyap, Vipul and Illarramendi, Arantza and Sheth, A},
  booktitle={Formal Ontology in Information Systems},
  volume={46},pages={269--283},
  year={1998},
  organization={Amsterdam: IOS Press}
}

@article{wiederhold1992mediators,
  title={Mediators in the architecture of future information systems},
  author={Wiederhold, Gio},
  journal={Computer},
  volume={25},
  number={3},
  pages={38--49},
  year={1992},
  publisher={IEEE}
}

@inproceedings{dimou2015machine,
  title={Machine-interpretable dataset and service descriptions for heterogeneous data access and retrieval},
  author={Dimou, Anastasia and Verborgh, Ruben and Sande, Miel Vander and Mannens, Erik and Van de Walle, Rik},
  booktitle={Proc. Semantics},
  pages={145--152},
  year={2015},
  organization={ACM}
}

@inproceedings{rebele2018bash,
  title={{Bash Datalog: Answering Datalog Queries with Unix Shell Commands}},
  author={Rebele, Thomas and Tanon, Thomas Pellissier and Suchanek, Fabian},
  booktitle={ISWC},
  pages={566--582},
  year={2018},
  organization={Springer}
}

@inproceedings{acosta2011anapsid,
  title={ANAPSID: an adaptive query processing engine for SPARQL endpoints},
  author={Acosta, Maribel and Vidal, Maria-Esther and Lampo, Tomas and Castillo, Julio and Ruckhaus, Edna},
  booktitle={International Semantic Web Conference},
  pages={18--34},
  year={2011},
  organization={Springer}
}


@incollection{endris2018querying,
  title={Querying interlinked data by bridging RDF molecule templates},
  author={Endris, Kemele M and Galkin, Mikhail and Lytra, Ioanna and Mami, Mohamed Nadjib and Vidal, Maria-Esther and Auer, S{\"o}ren},
  booktitle={Transactions on Large-Scale Data-and Knowledge-Centered Systems XXXIX},
  pages={1--42},
  year={2018},
  publisher={Springer}
}


@article{hasnain2017biofed,
  title={{BioFed: federated query processing over life sciences linked open data}},
  author={Hasnain, Ali and Mehmood, Qaiser and e Zainab, Syeda Sana and Saleem, Muhammad and Warren, Claude and Zehra, Durre and Decker, Stefan and Rebholz-Schuhmann, Dietrich},
  journal={Journal of biomedical semantics},
  volume={8},
  number={1},
  pages={13},
  year={2017},
  publisher={BioMed Central}
}



@article{belleau2008bio2rdf,
  title={Bio2RDF: towards a mashup to build bioinformatics knowledge systems},
  author={Belleau, Fran{\c{c}}ois and Nolin, Marc-Alexandre and Tourigny, Nicole and Rigault, Philippe and Morissette, Jean},
  journal={Journal of biomedical informatics},
  volume={41},
  number={5},
  pages={706--716},
  year={2008},
  publisher={Elsevier}
}


@unpublished{upm63647,
           month = {Julio},
           title = {Physical knowledge graph design for efficient federated query processing},
          school = {ETSI\_Informatica},
          author = {Juli{\'a}n Arenas Guerrero},
            year = {2020},
             url = {http://oa.upm.es/63647/},
}


@article{rohde2020optimizing,
  title={Optimizing Federated Queries Based on the Physical Design of a Data Lake},
  author={Rohde, Philipp D and Vidal, Maria-Esther},
  journal={arXiv preprint arXiv:2002.08102},
  year={2020}
}

@inproceedings{iglesias2020sdm,
  title={SDM-RDFizer: An RML interpreter for the efficient creation of rdf knowledge graphs},
  author={Iglesias, Enrique and Jozashoori, Samaneh and Chaves-Fraga, David and Collarana, Diego and Vidal, Maria-Esther},
  booktitle={Proceedings of the 29th ACM International Conference on Information \& Knowledge Management},
  pages={3039--3046},
  year={2020}
}


@incollection{lanti2015npd,
  title={The NPD benchmark: Reality check for OBDA systems},
  author={Lanti, Davide and Rezk, Martin and Xiao, Guohui and Calvanese, Diego},
  year={2015},
  publisher={OpenProceedings. org}
}

@inproceedings{jozashoori2019mapsdi,
  title={{MapSDI: A Scaled-Up Semantic Data Integration Framework for Knowledge Graph Creation}},
  author={Jozashoori, Samaneh and Vidal, Maria-Esther},
  booktitle={OTM Confederated International Conferences" On the Move to Meaningful Internet Systems"},
  pages={58--75},
  year={2019},
  organization={Springer}
}


@inproceedings{golshan2017data,
  title={Data integration: After the teenage years},
  author={Golshan, Behzad and Halevy, Alon and Mihaila, George and Tan, Wang-Chiew},
  booktitle={Proceedings of the 36th ACM SIGMOD-SIGACT-SIGAI Symposium on Principles of Database Systems},
  pages={101--106},
  year={2017}
}

@book{doan2012principles,
  title={Principles of data integration},
  author={Doan, AnHai and Halevy, Alon and Ives, Zachary},
  year={2012},
  publisher={Elsevier}
}

@inproceedings{csimcsek2019rocketrml,
  title={{RocketRML-A NodeJS implementation of a use-case specific RML mapper}},
  author={{\c{S}}im{\c{s}}ek, Umutcan and K{\"a}rle, Elias and Fensel, Dieter},
  booktitle={Proceeding of the First International Workshop on Knowledge Graph Building},
  year={2019}
}


@inproceedings{halevy2006data,
  title={Data integration: The teenage years},
  author={Halevy, Alon and Rajaraman, Anand and Ordille, Joann},
  booktitle={Proceedings of the 32nd international conference on Very large data bases},
  pages={9--16},
  year={2006}
}


@inproceedings{mami2019squerall,
  title={{Squerall: virtual ontology-based access to heterogeneous and large data sources}},
  author={Mami, Mohamed Nadjib and Graux, Damien and Scerri, Simon and Jabeen, Hajira and Auer, S{\"o}ren and Lehmann, Jens},
  booktitle={International Semantic Web Conference},
  pages={229--245},
  year={2019},
  organization={Springer}
}

@inproceedings{iglesias2019enhancing,
  title={{Enhancing the Maintainability of the Bio2RDF Project Using Declarative Mappings}},
  author={Iglesias-Molina, Ana and Chaves-Fraga, David and Priyatna, Freddy and Corcho, Oscar},
  booktitle={Proceedings of the 12th International Conference on Semantic Web Applications and Tools for Healthcare and Life Sciences},
  year={2019}
}


@inproceedings{endris2019ontario,
  title={{Ontario: Federated Query Processing Against a Semantic Data Lake}},
  author={Endris, Kemele M and Rohde, Philipp D and Vidal, Maria-Esther and Auer, S{\"o}ren},
  booktitle={International Conference on Database and Expert Systems Applications},
  pages={379--395},
  year={2019},
  organization={Springer}
}

@inproceedings{GuptaSKGTM12,
  author    = {Shubham Gupta and
               Pedro A. Szekely and
               Craig A. Knoblock and
               Aman Goel and
               Mohsen Taheriyan and
               Maria Muslea},
  title     = {Karma: {A} System for Mapping Structured Sources into the Semantic
               Web},
  booktitle = {The Semantic Web: {ESWC} 2012 Satellite Events - {ESWC} 2012 Satellite
               Events, Heraklion, Crete, Greece, May 27-31, 2012. Revised Selected
               Papers},
  pages     = {430--434},
  year      = {2012}
}


@inproceedings{sequeda2014obda,
  title={OBDA: query rewriting or materialization? In practice, both!},
  author={Sequeda, Juan F and Arenas, Marcelo and Miranker, Daniel P},
  booktitle={International Semantic Web Conference},
  pages={535--551},
  year={2014},
  organization={Springer}
}






@inproceedings{xiao2018obdasurvey,
  author    = {Guohui Xiao and
               Diego Calvanese and
               Roman Kontchakov and
               Domenico Lembo and
               Antonella Poggi and
               Riccardo Rosati and
               Michael Zakharyaschev},
  title     = {Ontology-Based Data Access: {A} Survey},
  booktitle = {Proceedings of the Twenty-Seventh International Joint Conference on Artificial Intelligence, {IJCAI} 2018},
  year      = {2018}
}

@article{fernandez2013binary,
  title={Binary RDF representation for publication and exchange (HDT)},
  author={Fern{\'a}ndez, Javier D and Mart{\'\i}nez-Prieto, Miguel A and Guti{\'e}rrez, Claudio and Polleres, Axel and Arias, Mario},
  journal={Journal of Web Semantics},
  volume={19},
  pages={22--41},
  year={2013},
  publisher={Elsevier}
}

@inproceedings{vu2019d,
  title={{D-REPR: A Language for Describing and Mapping Diversely-Structured Data Sources to RDF}},
  author={Vu, Binh and Pujara, Jay and Knoblock, Craig A},
  booktitle={Intern. Confer. on Knowledge Capture},
  year={2019}
}

@inproceedings{AliW19,
  author    = {Syed Muhammad Fawad Ali and
               Robert Wrembel},
  title     = {{Towards a Cost Model to Optimize User-Defined Functions in an {ETL}
               Workflow Based on User-Defined Performance Metrics}},
  booktitle = {Advances in Databases and Information Systems, {ADBIS}},
  year      = {2019}
}

@article{aho1986compilers,
  title={{Compilers, principles, techniques}},
  author={Aho, Alfred V and Sethi, Ravi and Ullman, Jeffrey D},
  journal={Addison Wesley},
  volume={7},
  number={8},
  year={1986}
}

@article{den2016hgvs,
  title={{HGVS recommendations for the description of sequence variants: 2016 update}},
  author={den Dunnen, Johan T and Dalgleish, Raymond and Maglott, Donna R and Hart, Reece K and Greenblatt, Marc S and McGowan-Jordan, Jean and Roux, Anne-Francoise and Smith, Timothy and Antonarakis, Stylianos E and Taschner, Peter EM and others},
  journal={Human mutation},
  volume={37},
  number={6},
  year={2016},
  publisher={Wiley Online Library}
}

@article{xiao2018efficient,
  author    = {Guohui Xiao and
               Roman Kontchakov and
               Benjamin Cogrel and
               Diego Calvanese and
               Elena Botoeva},
  title     = {Efficient Handling of {SPARQL} {OPTIONAL} for {OBDA} (Extended Version)},
  journal   = {CoRR},
  volume    = {abs/1806.05918},
  year      = {2018},
  url       = {http://arxiv.org/abs/1806.05918},
  archivePrefix = {arXiv},
  eprint    = {1806.05918},
  timestamp = {Sat, 20 Jul 2019 10:22:46 +0200},
  biburl    = {https://dblp.org/rec/bib/journals/corr/abs-1806-05918},
  bibsource = {dblp computer science bibliography, https://dblp.org}
}


@article{Mahmud2018,
author = {Mahmud, S M Hasan and Hossin, Md and Jahan, Hosney and Noori, Sheak and Hossain, Md},
year = {2018},
title = {CSV2RDF: Generating RDF Data From CSV File Using Semantic Web Technologies},
volume = {96},
journal = {Journal of Theoretical and Applied Information Technology}
}

@inproceedings{chortaras2018mapping,
  title={Mapping diverse data to RDF in practice},
  author={Chortaras, Alexandros and Stamou, Giorgos},
  booktitle={International Semantic Web Conference},
  pages={441--457},
  year={2018},
  organization={Springer}
}


@article{demeester2019implementation,
  title={Implementation-independent function reuse},
  author={De Meester, Ben and Seymoens, Tom and Dimou, Anastasia and Verborgh, Ruben},
  journal={Future Generation Computer Systems},
  year={2019},
  publisher={Elsevier}
}

@inproceedings{tsimmis1994,
booktitle = {Information Processing Society of Japan (IPSJ 1994)},
   title = {The TSIMMIS Project: Integration of Heterogenous Information Sources},
  author = {S. Chawathe and H. Garcia-Molina and J. Hammer and K. Ireland and Y. Papakonstantinou and J. Ullman and J. Widom},
    year = {1994}
}

@article{bischof_2012_jds,
	author={Bischof, Stefan
		and Decker, Stefan
		and Krennwallner, Thomas
		and Lopes, Nuno
		and Polleres, Axel},
	title={Mapping between {RDF} and {XML} with {XSPARQL}},
	journal={Journal on Data Semantics},
	year={2012},
	_volume={1},
	_number={3},
	_pages={147--185},
	issn={1861-2040},
	doi={10.1007/s13740-012-0008-7},
	url={http://dx.doi.org/10.1007/s13740-012-0008-7}
}



@inproceedings{dimou_ldow_2018,
  title = {What Factors Influence the Design of a Linked Data Generation Algorithm? },
  author = {Dimou, Anastasia and Heyvaert, Pieter and De Meester, Ben and Verborgh, Ruben},
  year = 2018,
  month = apr,
  booktitle = {Proceedings of the 11th Workshop on Linked Data on the Web},
  editor = {Berners-Lee, Tim and Capadisli, Sarven and Dietze, Stefan and Hogan, Aidan and Janowicz, Krzysztof and Lehmann, Jens},
  url = {http://events.linkeddata.org/ldow2018/papers/LDOW2018_paper_12.pdf},
}

@article{chortaras2018d2rml,
  title={D2RML: Integrating heterogeneous data and web services into custom RDF graphs},
  author={Chortaras, Alexandros and Stamou, Giorgos},
  journal={Proceedings of the LDOW. CEUR, ceur-ws. org},
  volume={2073},
  year={2018}
}

@inproceedings{koubarakis2010modeling,
  title={Modeling and querying metadata in the semantic sensor web: The model stRDF and the query language stSPARQL},
  author={Koubarakis, Manolis and Kyzirakos, Kostis},
  booktitle={Extended Semantic Web Conference},
  pages={425--439},
  year={2010},
  organization={Springer}
}

@inproceedings{barrasa2004r2o,
  title={R2O, an extensible and semantically based database-to-ontology mapping language},
  author={Barrasa, Jes{\'u}s and Corcho, {\'O}scar and G{\'o}mez-P{\'e}rez, Asunci{\'o}n},
  year={2004},
  organization={SWDB}
}

@article{battle2011geosparql,
  title={Geosparql: enabling a geospatial semantic web},
  author={Battle, Robert and Kolas, Dave},
  journal={Semantic Web Journal},
  volume={3},
  number={4},
  pages={355--370},
  year={2011}
}

@article{Konstantinou2014,
author = {Nikolaos Konstantinou and Dimitrios-Emmanuel Spanos and Nikos Houssos and Nikolaos Mitrou},
title = {Exposing scholarly information as Linked Open Data: RDFizing DSpace contents},
journal = {The Electronic Library},
volume = {32},
number = {6},
pages = {834-851},
year = {2014},
doi = {10.1108/EL-12-2012-0156}
}


@incollection{vidal2019semantic,
  title={Semantic Data Integration of Big Biomedical Data for Supporting Personalised Medicine},
  author={Vidal, Maria-Esther and Endris, Kemele M and Jozashoori, Samaneh and Karim, Farah and Palma, Guillermo},
  booktitle={Current Trends in Semantic Web Technologies: Theory and Practice},
  pages={25--56},
  year={2019},
  publisher={Springer}
}

@inproceedings{chaves2018virtual,
  title={Virtual Statistics Knowledge Graph Generation from {CSV} files},
  author={Chaves-Fraga, David and Priyatna, Freddy and Perez-Santana, Idafen and Corcho, Oscar},
  booktitle={Emerging Topics in Semantic Technologies: ISWC 2018 Satellite Events},
  series = {Studies on the Semantic Web},
  pages={235--244},
  volume={36},
  year={2018},
  publisher={IOS Press}
}

@inproceedings{bryant2017graphql,
  title={GraphQL for archival metadata: An overview of the EHRI GraphQL API},
  author={Bryant, Mike},
  booktitle={2017 IEEE International Conference on Big Data (Big Data)},
  pages={2225--2230},
  year={2017},
  organization={IEEE}
}

@inproceedings{vogel2017experiences,
  title={Experiences on migrating RESTful web services to GraphQL},
  author={Vogel, Maximilian and Weber, Sebastian and Zirpins, Christian},
  booktitle={International Conference on Service-Oriented Computing},
  pages={283--295},
  year={2017},
  organization={Springer}
}

@article{mukhiya2019graphql,
  title={A GraphQL approach to Healthcare Information Exchange with HL7 FHIR},
  author={Mukhiya, Suresh Kumar and Rabbi, Fazle and Pun, Violet Ka I and Rutle, Adrian and Lamo, Yngve},
  journal={Procedia Computer Science},
  volume={160},
  pages={338--345},
  year={2019},
  publisher={Elsevier}
}

@article{knoblock2015exploiting,
  title={Exploiting Semantics for Big Data Integration.},
  author={Knoblock, Craig A and Szekely, Pedro},
  journal={Ai Magazine},
  volume={36},
  number={1},
  year={2015}
}

@inproceedings{montoya2012benchmarking,
  title={{Benchmarking federated SPARQL query engines: Are existing testbeds enough?}},
  author={Montoya, Gabriela and Vidal, Maria-Esther and Corcho, Oscar and Ruckhaus, Edna and Buil-Aranda, Carlos},
  booktitle={International Semantic Web Conference},
  pages={313--324},
  year={2012},
  organization={Springer}
}


@inproceedings{jozashoori2020funmap,
  title={FunMap: Efficient Execution of Functional Mappings for Knowledge Graph Creation},
  author={Jozashoori, Samaneh and Chaves-Fraga, David and Iglesias, Enrique and Vidal, Maria-Esther and Corcho, Oscar},
  booktitle={Proceedings of the 19th International Semantic Web Conference},
  year={2020}
}

@inproceedings{dumontier2014bio2rdf,
  title={Bio2RDF release 3: a larger connected network of linked data for the life sciences},
  author={Dumontier, Michel and Callahan, Alison and Cruz-Toledo, Jose and Ansell, Peter and Emonet, Vincent and Belleau, Fran{\c{c}}ois and Droit, Arnaud},
  booktitle={Proceedings of the 2014 International Conference on Posters \& Demonstrations Track-Volume 1272},
  pages={401--404},
  year={2014}
}

@inproceedings{schmidt2009sp,
  title={SP\^{} 2Bench: a SPARQL performance benchmark},
  author={Schmidt, Michael and Hornung, Thomas and Lausen, Georg and Pinkel, Christoph},
  booktitle={2009 IEEE 25th International Conference on Data Engineering},
  pages={222--233},
  year={2009},
  organization={IEEE}
}

@article{roder2020hobbit,
  title={HOBBIT: A platform for benchmarking Big Linked Data},
  author={R{\"o}der, Michael and Kuchelev, Denis and Ngonga Ngomo, Axel-Cyrille},
  journal={Data Science},
  volume={3},
  number={1},
  pages={15--35},
  year={2020},
  publisher={IOS Press}
}

@inproceedings{rakhmawati2014qfed,
  title={QFed: Query set for federated SPARQL query benchmark},
  author={Rakhmawati, Nur Aini and Saleem, Muhammad and Lalithsena, Sarasi and Decker, Stefan},
  booktitle={Proceedings of the 16th International Conference on Information Integration and Web-based Applications \& Services},
  pages={207--211},
  year={2014}
}

@article{chaves2020gtfs,
  title={{GTFS-Madrid-Bench: A Benchmark for Virtual Knowledge Graph Access in the Transport Domain}},
  author={Chaves-Fraga, David and Priyatna, Freddy and Cimmino, Andrea and Toledo, Jhon and Ruckhaus, Edna and Corcho, Oscar},
  journal={Journal of Web Semantics},
  volume={65},
  year={2020}
}

@article{dimou2020high,
  title={High-Quality Knowledge Graphs Generation: R2RML and RML Comparison, Rules Validation and Inconsistency Resolution},
  author={Dimoum Anastasia},
  journal={Applications and Practices in Ontology Design, Extraction, and Reasoning},
  volume={49},
  pages={55},
  year={2020},
  publisher={IOS Press}
}

@article{hausenblas2013apache,
  title={Apache drill: interactive ad-hoc analysis at scale},
  author={Hausenblas, Michael and Nadeau, Jacques},
  journal={Big data},
  volume={1},
  number={2},
  pages={100--104},
  year={2013},
  publisher={Mary Ann Liebert, Inc. 140 Huguenot Street, 3rd Floor New Rochelle, NY 10801 USA}
}

@article{bershad1988presto,
  title={PRESTO: A system for object-oriented parallel programming},
  author={Bershad, Brian N and Lazowska, Edward D and Levy, Henry M},
  journal={Software: Practice and Experience},
  volume={18},
  number={8},
  pages={713--732},
  year={1988},
  publisher={Wiley Online Library}
}

@inproceedings{elliott2009complete,
  title={A complete translation from SPARQL into efficient SQL},
  author={Elliott, Brendan and Cheng, En and Thomas-Ogbuji, Chimezie and Ozsoyoglu, Z Meral},
  booktitle={Proceedings of the 2009 International Database Engineering \& Applications Symposium},
  pages={31--42},
  year={2009}
}

@inproceedings{bizer2004d2rq,
  title={D2RQ-treating non-RDF databases as virtual RDF graphs},
  author={Bizer, Christian and Seaborne, Andy},
  booktitle={Proceedings of the 3rd international semantic web conference (ISWC2004)},
  volume={2004},
  year={2004},
  organization={Proceedings of ISWC2004}
}

@article{bizer2009berlin,
  title={The berlin sparql benchmark},
  author={Bizer, Christian and Schultz, Andreas},
  journal={International Journal on Semantic Web and Information Systems (IJSWIS)},
  volume={5},
  number={2},
  pages={1--24},
  year={2009},
  publisher={IGI Global}
}

@inproceedings{schmidt2011fedbench,
  title={{Fedbench: A benchmark suite for federated semantic data query processing}},
  author={Schmidt, Michael and G{\"o}rlitz, Olaf and Haase, Peter and Ladwig, G{\"u}nter and Schwarte, Andreas and Tran, Thanh},
  booktitle={International Semantic Web Conference},
  pages={585--600},
  year={2011},
  organization={Springer}
}



@article{lehmann_2015_swj,
  title={DBpedia - A large-scale, multilingual knowledge base extracted from Wikipedia},
  author={Jens Lehmann and 
    Robert Isele and 
    Max Jakob and 
    Anja Jentzsch and 
    Dimitris Kontokostas and 
    Pablo N. Mendes and 
    Sebastian Hellmann and 
    Mohamed Morsey and 
    Patrick van Kleef and 
    S{\"o}ren Auer and 
    Christian Bizer},
  journal={Semantic Web},
  year={2015},
  volume={6},
  pages={167-195}
}

@Article{sequeda_2013_jws,
	title = {Ultrawrap: {SPARQL} execution on relational data},
	journal = {Web Semantics: Science, Services and Agents on the WWW},
	_volume = {22},
	_pages = {19 - 39},
	year = {2013},
	issn = {1570-8268},
	doi = {https://doi.org/10.1016/j.websem.2013.08.002},
	url = {http://www.sciencedirect.com/science/article/pii/S1570826813000383},
	author = {Juan F. Sequeda and Daniel P. Miranker},
	keywords = {Semantic web},
	keywords = {Relational databases},
	keywords = {SPARQL},
	keywords = {SQL},
	keywords = {RDF},
	keywords = {RDB2RDF}
}

@inproceedings{dimou_2015_semantics,
    author = {Dimou, Anastasia and 
        Verborgh, Ruben and 
        Vander Sande, Miel and 
        Mannens, Erik and 
        Van de Walle, Rik},
    title = {Machine-interpretable Dataset and Service Descriptions for Heterogeneous Data Access and Retrieval},
    booktitle = {Proceedings of the 11th International Conference on Semantic Systems},
    series = {SEMANTICS '15},
    year = {2015},
    isbn = {978-1-4503-3462-4},
    _pages = {145--152},
    _numpages = {8},
    url = {http://doi.acm.org/10.1145/2814864.2814873},
    doi = {10.1145/2814864.2814873},
    _acmid = {2814873},
    publisher = {ACM},
    _address = {New York, NY, USA},
    _keywords = {RML, data access, data retrieval, linked data mapping},
} 

@InProceedings{priyatna2014formalisation,
	author = {Priyatna, Freddy and Corcho, Oscar and Sequeda, Juan},
	title = {Formalisation and {E}xperiences of {R2RML}-based {SPARQL} to {SQL} {Q}uery {T}ranslation {U}sing {M}orph},
	booktitle = {23rd International Conference on WWW},
	_series = {WWW '14},
	year = {2014},
	isbn = {978-1-4503-2744-2},
	_location = {Seoul, Korea},
	_pages = {479--490},
	_numpages = {12},
	_url = {http://doi.acm.org/10.1145/2566486.2567981},
	_doi = {10.1145/2566486.2567981},
	_acmid = {2567981},
	_publisher = {ACM},
	_address = {New York, NY, USA},
	keywords = {R2RML, RDB2RDF, SPARQL, SQL, query translation},
}

@inproceedings{ullman1997information,
  title={Information integration using logical views},
  author={Ullman, Jeffrey D},
  booktitle={International Conference on Database Theory},
  pages={19--40},
  year={1997},
  organization={Springer}
}

@TechReport{directMapping,
	author = {Arenas, Marcelo 
		and Bertails, Alexandre 
		and Prud'hommeaux, Erik 
		and Sequeda, Juan},
	title = {A {D}irect {M}apping of {R}elational {D}ata to {RDF}},
	institution = {W3C},
	year = 2012,
	month = sep,
	day = 27,
	type = {{W3C} {R}ecommendation},
	note =  {{\scriptsize \url{https://www.w3.org/TR/rdb-direct-mapping/}}}
}

@TechReport{RDF,
    author      = {Cyganiak, Richard and Wood, David and Lanthaler, Markus},
    title       = {{RDF 1.1 Concepts and Abstract Syntax}},
    institution = {World Wide Web Consortium (W3C)},
    year        = {2014},
    type        = {Recommendation},
    month       = feb,
    _day         = {25},
    url         = {http://www.w3.org/TR/rdf11-concepts/},
}

@inproceedings{Beeri1978ASI,
  title={A Sophisticate's Introduction to Database Normalization Theory},
  author={Catriel Beeri and Philip A. Bernstein and Nathan Goodman},
  booktitle={VLDB},
  year={1978}
}

@article{BittonD83,
  author    = {Dina Bitton and
               David J. DeWitt},
  title     = {Duplicate Record Elimination in Large Data Files},
  journal   = {{ACM} Trans. Database Syst.},
  volume    = {8},
  number    = {2},
  year      = {1983}
}

@article{SteinbrunnMK97,
  author    = {Michael Steinbrunn and
               Guido Moerkotte and
               Alfons Kemper},
  title     = {Heuristic and Randomized Optimization for the Join Ordering Problem},
  journal   = {{VLDB} J.},
  volume    = {6},
  number    = {3},
  year      = {1997}
}

@inproceedings{gawriljuk2016scalable,
  title={A scalable approach to incrementally building knowledge graphs},
  author={Gawriljuk, Gleb and Harth, Andreas and Knoblock, Craig A and Szekely, Pedro},
  booktitle={International Conference on Theory and Practice of Digital Libraries},
  year={2016}
}

@TechReport{R2RML,
	author = {Das, Souripriya and Sundara, Seema and Cyganiak, Richard},
	title = {{R2RML}: {RDB} to {RDF} {M}apping {L}anguage},
	institution = {W3C},
	year = 2012,
	_month = sep,
	day = 27,
	type = {{W3C} {R}ecommendation},
	note =  {{\scriptsize \url{http://www.w3.org/TR/r2rml/}}}
}

@TechReport{R2RML_test_cases,
	author = {Villaz{\'o}n-Terrazas, Boris and Hausenblas, Michael},
	title = {{R2RML} and {D}irect {M}apping {T}est {C}ases},
	institution = {W3C},
	year = 2012,
	_month = aug,
	day = 14,
	type = {{W3C} {N}ote},
	note =  {{\scriptsize \url{http://www.w3.org/TR/rdb2rdf-test-cases/}}}
}


@TechReport{SHACL,
  author      = {Knublauch, Holger and Kontokostas, Dimitris},
  title       = {{Shapes Constraint Language (SHACL)}},
  institution = {World Wide Web Consortium (W3C)},
  year        = {2017},
  type        = {Recommendation},
  _month       = jul,
  url         = {https://www.w3.org/TR/shacl/},
}

@TechReport{SPARQL,
    author      = {Harris, Steve and Seaborne, Andy},
    title       = {{SPARQL 1.1 Query Language}},
    institution = {World Wide Web Consortium (W3C)},
    year        = {2013},
    type        = {Recommendation},
    month       = mar,
    url         = {https://www.w3.org/TR/sparql11-query/},
}

%%%%%%%%
% Article within a journal
%


@inproceedings{auer2009triplify,
  doi = {10.1145/1526709.1526793},
  year = {2009},
  publisher = {{ACM} Press},
  author = {S\"{o}ren Auer and Sebastian Dietzold and Jens Lehmann and Sebastian Hellmann and David Aumueller},
  title = {{Triplify: light-weight linked data publication from relational databases}},
  booktitle = {Proceedings of the 18th international conference on World wide web}
}

@incollection{heyvaert2016rmleditor,
  doi = {10.1007/978-3-319-34129-3_43},
  year = {2016},
  publisher = {Springer International Publishing},
  pages = {709--723},
  author = {Pieter Heyvaert and Anastasia Dimou and Aron-Levi Herregodts and Ruben Verborgh and Dimitri Schuurman and Erik Mannens and Rik Van de Walle},
  title = {{RMLEditor}: A Graph-Based Mapping Editor for Linked Data Mappings},
  booktitle = {The Semantic Web. Latest Advances and New Domains}
}



@inproceedings{sequeda2012directly,
  doi = {10.1145/2187836.2187924},
  year = {2012},
  publisher = {{ACM} Press},
  author = {Juan F. Sequeda and Marcelo Arenas and Daniel P. Miranker},
  title = {On directly mapping relational databases to {RDF} and {OWL}},
  booktitle = {Proceedings of the 21st international conference on World Wide Web}
}



@misc{graphql,
  title = {{GraphQL}},
  author={{Facebook, Inc.} },
  howpublished = {\url{https://facebook.github.io/graphql/June2018/}},
  year={2018},
  note = {Accessed: 2018-12-07}
}

@inproceedings{priyatna2019morph,
  doi = {10.18293/seke2019-055},
  year = {2019},
  month = jul,
  publisher = {{KSI} Research Inc. and Knowledge Systems Institute Graduate School},
  author = {Freddy Priyatna and David Chaves-Fraga and Ahmad Alobaid and Oscar Corcho},
  title = {morph-{GraphQL}: {GraphQL} Servers Generation from R2RML Mappings (S)},
  booktitle = {Proceedings of the 31st International Conference on Software Engineering and Knowledge Engineering}
}

@article{vassiliadis2009survey,
  doi = {10.4018/jdwm.2009070101},
  year = {2009},
  month = jul,
  publisher = {{IGI} Global},
  volume = {5},
  number = {3},
  pages = {1--27},
  author = {Panos Vassiliadis},
  title = {A Survey of Extract--Transform--Load Technology},
  journal = {International Journal of Data Warehousing and Mining}
}

@article{garcia2020shexml,
  title={ShExML: improving the usability of heterogeneous data mapping languages for first-time users},
  author={García-González, Herminio and Boneva,Iovka and Staworko,Sławek and  Labra-Gayo,José Emilio and  Cueva Lovelle,Juan Manuel},
  journal={PeerJ Computer Science},
  year={2020}
}

@article{sporny2014json,
  title={JSON-LD 1.0},
  author={Sporny, Manu and Longley, Dave and Kellogg, Gregg and Lanthaler, Markus and Lindstr{\"o}m, Niklas},
  journal={W3C recommendation},
  volume={16},
  pages={41},
  year={2014}
}

@inproceedings{prud2014shape,
  title={Shape expressions: an RDF validation and transformation language},
  author={Prud'hommeaux, Eric and Labra Gayo, Jose Emilio and Solbrig, Harold},
  booktitle={Proceedings of the 10th International Conference on Semantic Systems},
  pages={32--40},
  year={2014}
}


@article{ben2001yaml,
  title={YAML Ain't Markup Language (YAML™) Version 1.1},
  author={Ben-Kiki, Oren and Evans, Clark and Ingerson, Brian},
  year={2001}
}

@article{berners2001semantic,
  title={The semantic web},
  author={Berners-Lee, Tim and Hendler, James and Lassila, Ora and others},
  journal={Scientific american},
  volume={284},
  number={5},
  pages={28--37},
  year={2001},
  publisher={New York, NY, USA:}
}

@misc{arenas2013direct,
  title={A Direct Mapping of Relational Data to RDF, W3C Recommendation 27 September 2012},
  author={Arenas, Marcelo and Bertails, Alexandre and Prud’hommeaux, Eric and Sequeda, JF},
  year={2013}
}

@inproceedings{hartig2017foundations,
  title={Foundations of RDF* and SPARQL*:(An Alternative Approach to Statement-Level Metadata in RDF)},
  author={Hartig, Olaf},
  booktitle={AMW 2017 11th Alberto Mendelzon International Workshop on Foundations of Data Management and the Web, Montevideo, Uruguay, June 7-9, 2017.},
  volume={1912},
  year={2017},
  organization={Juan Reutter, Divesh Srivastava}
}

@book{fielding2000architectural,
  title={Architectural styles and the design of network-based software architectures},
  author={Fielding, Roy T and Taylor, Richard N},
  volume={7},
  year={2000},
  publisher={University of California, Irvine Doctoral dissertation}
}

@incollection{lefranccois2017sparql,
  doi = {10.1007/978-3-319-58068-5_3},
  year = {2017},
  publisher = {Springer International Publishing},
  pages = {35--50},
  author = {Maxime Lefran{\c{c}}ois and Antoine Zimmermann and Noorani Bakerally},
  title = {A {SPARQL} Extension for Generating {RDF} from Heterogeneous Formats},
  booktitle = {The Semantic Web}
}

@inproceedings{hert2011comparison,
  doi = {10.1145/2063518.2063522},
  year = {2011},
  publisher = {{ACM} Press},
  author = {Matthias Hert and Gerald Reif and Harald C. Gall},
  title = {A comparison of {RDB}-to-{RDF} mapping languages},
  booktitle = {Proceedings of the 7th International Conference on Semantic Systems}
}


@inproceedings{mami2019querying,
  title={{Querying Data Lakes using Spark and Presto}},
  author={Mami, Mohamed Nadjib and Graux, Damien and Scerri, Simon and Jabeen, Hajira and Auer, S{\"o}ren},
  booktitle={International World Wide Web Conference},
  pages={3574--3578},
  year={2019},
  organization={ACM}
}

@inproceedings{chaves2019what,
  title={{What are the Parameters that Affect the Construction of a Knowledge Graph?}},
  author={David Chaves{-}Fraga and
               Kemele M. Endris and
               Enrique Iglesias and
               {\'{O}}scar Corcho and
               Maria{-}Esther Vidal},
  booktitle={OTM Confederated International Conferences ``On the Move to Meaningful Internet Systems"},
  year={2019},
  organization={Springer}
}

@inproceedings{mora2013towards,
  title={{Towards a systematic benchmarking of ontology-based query rewriting systems}},
  author={Mora, Jose and Corcho, Oscar},
  booktitle={International Semantic Web Conference},
  pages={376--391},
  year={2013},
  organization={Springer}
}

@TechReport{w3c2013sparql,
  author      = "{The W3C SPARQL Working Group}",
  title       = "{SPARQL} 1.1 Overview",
  month       = mar,
  note        = "http://www.w3.org/TR/2013/REC-sparql11-overview-20130321/",
  year        = "2013",
  type        = "{W3C} Recommendation",
  institution = "W3C",
}


@article{mcguinness2004owl,
  title={{OWL web ontology language overview}},
  author={McGuinness, Deborah L and Van Harmelen, Frank and others},
  journal={W3C recommendation},
  volume={10},
  number={10},
  pages={2004},
  year={2004}
}

@inproceedings{heyvaert2019conformance,
  title={{Conformance Test Cases for the RDF Mapping Language (RML)}},
  author={Heyvaert, Pieter and Chaves-Fraga, David and Priyatna, Freddy and Corcho, Oscar and Mannens, Erik and Verborgh, Ruben and Dimou, Anastasia},
  booktitle={Iberoamerican Knowledge Graphs and Semantic Web Conference},
  pages={162--173},
  year={2019},
  organization={Springer}
}

@article{sharaf2008algorithms,
  title={{Algorithms and metrics for processing multiple heterogeneous continuous queries}},
  author={Sharaf, Mohamed A and Chrysanthis, Panos K and Labrinidis, Alexandros and Pruhs, Kirk},
  journal={ACM Transactions on Database Systems (TODS)},
  volume={33},
  number={1},
  pages={5},
  year={2008},
  publisher={ACM}
}

@inproceedings{acosta2017diefficiency,
  title={{Diefficiency metrics: measuring the continuous efficiency of query processing approaches}},
  author={Acosta, Maribel and Vidal, Maria-Esther and Sure-Vetter, York},
  booktitle={International Semantic Web Conference},
  pages={3--19},
  year={2017},
  organization={Springer}
}

@inproceedings{mora2014kyrie2,
  title={kyrie2: Query Rewriting under Extensional Constraints in $\backslash$mathcal $\{$ELHIO$\}$ },
  author={Mora, Jose and Rosati, Riccardo and Corcho, Oscar},
  booktitle={International Semantic Web Conference},
  pages={568--583},
  year={2014},
  organization={Springer}
}

@inproceedings{vidal2010efficient,
  author    = {Maria{-}Esther Vidal and
               Edna Ruckhaus and
               Tomas Lampo and
               Amad{\'{\i}}s Mart{\'{\i}}nez and
               Javier Sierra and
               Axel Polleres},
  title     = {Efficiently Joining Group Patterns in {SPARQL} Queries},
  booktitle = {Extended Semantic
               Web Conference},
  pages     = {228--242},
  year      = {2010}
}

@article{perez2009semantics,
  author    = {Jorge P{\'{e}}rez and
               Marcelo Arenas and
               Claudio Guti{\'{e}}rrez},
  title     = {Semantics and complexity of {SPARQL}},
  journal   = {{ACM} Trans. Database Syst.},
  volume    = {34},
  number    = {3},
  pages     = {16:1--16:45},
  year      = {2009}
}

@inproceedings{angles2016negation,
  author    = {Renzo Angles and
               Claudio Guti{\'{e}}rrez},
  title     = {Negation in {SPARQL}},
  booktitle = {Proceedings of the 10th Alberto Mendelzon International Workshop on
               Foundations of Data Management, 2016},
  year      = {2016}
}

@inproceedings{endris2017mulder,
  title={{MULDER: querying the linked data web by bridging RDF molecule templates}},
  author={Endris, Kemele M and Galkin, Mikhail and Lytra, Ioanna and Mami, Mohamed Nadjib and Vidal, Maria-Esther and Auer, S{\"o}ren},
  booktitle={International Conference on Database and Expert Systems Applications},
  pages={3--18},
  year={2017},
  organization={Springer}
}

@article{chaves2020enhancing,
  title={Enhancing Virtual Ontology Based Access over Tabular Data with Morph-CSV},
  author={Chaves-Fraga, David and Ruckhaus, Edna and Priyatna, Freddy and Vidal, M and Corcho, {\'O}},
  journal={Semantic Web},
  year={2021}
}

@article{adida2008rdfa,
  title={RDFa in XHTML: Syntax and processing},
  author={Adida, Ben and Birbeck, Mark and McCarron, Shane and Pemberton, Steven},
  journal={Recommendation, W3C},
  volume={7},
  pages={41},
  year={2008}
}


@article{khan2019one,
  title={{One Size Does Not Fit All: Querying Web Polystores}},
  author={Khan, Yasar and Zimmermann, Antoine and Jha, Alokkumar and Gadepally, Vijay and D'Aquin, Mathieu and Sahay, Ratnesh},
  journal={IEEE Access},
  volume={7},
  pages={9598--9617},
  year={2019}
}


@inproceedings{schwarte2011fedx,
  title={{Fedx: Optimization techniques for federated query processing on linked data}},
  author={Schwarte, Andreas and Haase, Peter and Hose, Katja and Schenkel, Ralf and Schmidt, Michael},
  booktitle={International semantic web conference},
  pages={601--616},
  year={2011},
  organization={Springer}
}